<?xml version="1.0" encoding="UTF-8"?><collection xmlns="http://www.loc.gov/MARC21/slim"><record><leader>00524nam--2200193-u-4500</leader><controlfield tag="001">000053654</controlfield><controlfield tag="002">20161230</controlfield><controlfield tag="005">20161230201051</controlfield><controlfield tag="008">110511s1000------------r-----000-0-rus-d</controlfield><datafield ind1=" " ind2=" " tag="040"><subfield code="a">IFIN-HH</subfield></datafield><datafield ind1=" " ind2=" " tag="041"><subfield code="a">rus</subfield></datafield><datafield ind1=" " ind2=" " tag="080"><subfield code="a">538.953</subfield></datafield><datafield ind1="1" ind2=" " tag="100"><subfield code="a">Saskov, A.G</subfield></datafield><datafield ind1="1" ind2="0" tag="245"><subfield code="a">Teplofiziceskie svoistva razlagaiusihsia materialov pri visokih temperaturah</subfield><subfield code="c">A.g. saskov; v.i. tiukaev</subfield></datafield><datafield ind1=" " ind2=" " tag="260"><subfield code="a">Minsk</subfield><subfield code="b">Nauka I Tehnika</subfield><subfield code="c">1975</subfield></datafield><datafield ind1=" " ind2=" " tag="300"><subfield code="a">77P</subfield></datafield><datafield ind1="1" ind2=" " tag="700"><subfield code="a">Tiukaev, V.I</subfield></datafield><datafield ind1=" " ind2=" " tag="852"><subfield code="a">75064</subfield><subfield code="c">536</subfield></datafield><datafield ind1=" " ind2=" " tag="CAT"><subfield code="a">Sys</subfield><subfield code="c">20110511</subfield><subfield code="h">105814</subfield></datafield></record></collection>